% GST-A1 :
@article{GST-A1,
  title={Free-energy landscape analysis of protein-ligand binding: the case of human glutathione transferase A1},
  author={Nicola{\"\i}, Adrien and Petiot, Nicolas and Grassein, Paul and Delarue, Patrice and Neiers, Fabrice and Senet, Patrick},
  journal={Applied Sciences},
  volume={12},
  number={16},
  pages={8196},
  year={2022},
  publisher={MDPI}
}

%GSTs :
@article{F-Neiers-GSTs,
  title={Expression patterns of Drosophila Melanogaster glutathione transferases},
  author={Gonis, Elodie and Fraichard, St{\'e}phane and Chertemps, Thomas and Hecker, Arnaud and Schwartz, Mathieu and Canon, Francis and Neiers, Fabrice},
  journal={Insects},
  volume={13},
  number={7},
  pages={612},
  year={2022},
  publisher={MDPI}
}


% GST-D1 :
@article{GST-D1,
  title={Recognition and detoxification of the insecticide DDT by Drosophila melanogaster glutathione S-transferase D1},
  author={Low, Wai Yee and Feil, Susanne C and Ng, Hooi Ling and Gorman, Michael A and Morton, Craig J and Pyke, James and McConville, Malcolm J and Bieri, Michael and Mok, Yee-Foong and Robin, Charles and others},
  journal={Journal of molecular biology},
  volume={399},
  number={3},
  pages={358--366},
  year={2010},
  publisher={Elsevier}
}

% GST-E14 :
@article{GST-E14,
  title={Structure and steroid isomerase activity of Drosophila glutathione transferase E14 essential for ecdysteroid biosynthesis},
  author={{\v{S}}kerlov{\'a}, Jana and Lindstr{\"o}m, Helena and Gonis, Elodie and Sj{\"o}din, Birgitta and Neiers, Fabrice and Stenmark, P{\aa}l and Mannervik, Bengt},
  journal={FEBS letters},
  volume={594},
  number={7},
  pages={1187--1195},
  year={2020},
  publisher={Wiley Online Library}
}

%AlphaFold
@article{AlphaFold,
  title={Highly accurate protein structure prediction with AlphaFold},
  author={Jumper, John and Evans, Richard and Pritzel, Alexander and Green, Tim and Figurnov, Michael and Ronneberger, Olaf and Tunyasuvunakool, Kathryn and Bates, Russ and {\v{Z}}{\'\i}dek, Augustin and Potapenko, Anna and others},
  journal={Nature},
  volume={596},
  number={7873},
  pages={583--589},
  year={2021},
  publisher={Nature Publishing Group UK London}
}

%AlphaFold-Multimer
@article{Multimer,
  title={Protein complex prediction with AlphaFold-Multimer},
  author={Evans, Richard and Oâ€™Neill, Michael and Pritzel, Alexander and Antropova, Natasha and Senior, Andrew and Green, Tim and {\v{Z}}{\'\i}dek, Augustin and Bates, Russ and Blackwell, Sam and Yim, Jason and others},
  journal={BioRxiv},
  pages={2021--10},
  year={2021},
  publisher={Cold Spring Harbor Laboratory}
}

%AlphaFill
@article{AlphaFill,
  title={AlphaFill: enriching AlphaFold models with ligands and cofactors},
  author={Hekkelman, Maarten L and de Vries, Ida and Joosten, Robbie P and Perrakis, Anastassis},
  journal={Nature Methods},
  pages={1--9},
  year={2022},
  publisher={Nature Publishing Group US New York}
}

%IDDT
@article{IDDT,
  title={lDDT: a local superposition-free score for comparing protein structures and models using distance difference tests},
  author={Mariani, Valerio and Biasini, Marco and Barbato, Alessandro and Schwede, Torsten},
  journal={Bioinformatics},
  volume={29},
  number={21},
  pages={2722--2728},
  year={2013},
  publisher={Oxford University Press}
}

% ANM-COM
@article{ANM-COM,
  title={Anisotropy of fluctuation dynamics of proteins with an elastic network model},
  author={Atilgan, Ali Rana and Durell, SR and Jernigan, Robert L and Demirel, Melik C and Keskin, O and Bahar, Ivet},
  journal={Biophysical journal},
  volume={80},
  number={1},
  pages={505--515},
  year={2001},
  publisher={Elsevier}
}
